<record><leader>00000cas a22000007a 4500</leader><controlfield tag="001">35853374</controlfield><controlfield tag="008">961106d19791984tnucr ne      0    0eng d</controlfield><datafield ind1=" " ind2=" " tag="010"><subfield code="a">sn 96091124 </subfield></datafield><datafield ind1=" " ind2=" " tag="040"><subfield code="a">TGN</subfield><subfield code="b">eng</subfield><subfield code="c">TGN</subfield><subfield code="d">OCLCQ</subfield><subfield code="d">OCLCF</subfield><subfield code="d">OCLCO</subfield></datafield><datafield ind1="1" ind2=" " tag="029"><subfield code="a">AU@</subfield><subfield code="b">000012911245</subfield></datafield><datafield ind1=" " ind2=" " tag="042"><subfield code="a">msc</subfield></datafield><datafield ind1=" " ind2=" " tag="043"><subfield code="a">n-us-tn</subfield></datafield><datafield ind1="0" ind2=" " tag="130"><subfield code="a">Star news (Hendersonville, Tenn.)</subfield></datafield><datafield ind1="1" ind2="4" tag="245"><subfield code="a">The star news.</subfield></datafield><datafield ind1=" " ind2=" " tag="260"><subfield code="a">Hendersonville, Tenn. :</subfield><subfield code="b">Multimedia,</subfield><subfield code="c">1979-1984.</subfield></datafield><datafield ind1=" " ind2=" " tag="300"><subfield code="a">v.</subfield></datafield><datafield ind1=" " ind2=" " tag="310"><subfield code="a">Semiweekly,</subfield><subfield code="b">Jan. 5, 1983-June 8, 1984</subfield></datafield><datafield ind1=" " ind2=" " tag="321"><subfield code="a">Weekly,</subfield><subfield code="b">Dec. 5, 1979-Dec. 29, 1982</subfield></datafield><datafield ind1="0" ind2=" " tag="362"><subfield code="a">Vol. 45, no. 49 (Dec. 5, 1979)-v. 33, no. 46 (June 8, 1984).</subfield></datafield><datafield ind1=" " ind2=" " tag="515"><subfield code="a">Volume numbering is non sequential.</subfield></datafield><datafield ind1=" " ind2="0" tag="651"><subfield code="a">Hendersonville (Tenn.)</subfield><subfield code="v">Newspapers.</subfield></datafield><datafield ind1=" " ind2="0" tag="651"><subfield code="a">Sumner County (Tenn.)</subfield><subfield code="v">Newspapers.</subfield></datafield><datafield ind1=" " ind2="7" tag="655"><subfield code="a">Newspapers.</subfield><subfield code="2">fast</subfield><subfield code="0">(OCoLC)fst01423814</subfield></datafield><datafield ind1=" " ind2="7" tag="651"><subfield code="a">Tennessee</subfield><subfield code="z">Hendersonville.</subfield><subfield code="2">fast</subfield><subfield code="0">(OCoLC)fst01216479</subfield></datafield><datafield ind1=" " ind2="7" tag="651"><subfield code="a">Tennessee</subfield><subfield code="z">Sumner County.</subfield><subfield code="2">fast</subfield><subfield code="0">(OCoLC)fst01209637</subfield></datafield><datafield ind1=" " ind2=" " tag="752"><subfield code="a">United States</subfield><subfield code="b">Tennessee</subfield><subfield code="c">Sumner</subfield><subfield code="d">Hendersonville.</subfield></datafield><datafield ind1="0" ind2="0" tag="780"><subfield code="t">Hendersonville star-news (Hendersonville, Tenn. : 1960)</subfield><subfield code="w">(DLC)sn 79003430</subfield></datafield><datafield ind1="0" ind2="0" tag="785"><subfield code="t">Hendersonville star news (Hendersonville, Tenn. : 1984)</subfield><subfield code="w">(DLC)sn 96091125</subfield></datafield></record>